
@inproceedings{li2002design,
author = {{Ninghui Li} and Mitchell, J.C. and Winsborough, W.H.},
booktitle = {Symposium on Security and Privacy},
doi = {10.1109/SECPRI.2002.1004366},
isbn = {0-7695-1543-6},
pages = {114--130},
publisher = {IEEE Comput. Soc},
title = {{Design of a role-based trust-management framework}},
year = {2002},
keywords = {own}
}

@incollection{Auer2007,
author = {Auer, S{\"{o}}ren and Bizer, Christian and Kobilarov, Georgi and Lehmann, Jens and Cyganiak, Richard and Ives, Zachary},
booktitle = {The Semantic Web (ISWC)},
doi = {10.1007/978-3-540-76298-0_52},
keywords = {Ontology},
mendeley-tags = {Ontology},
pages = {722--735},
publisher = {Springer},
title = {{DBpedia: A Nucleus for a Web of Open Data}},
year = {2007},
keywords = {web}
}
@techreport{02,
abstract = {The present document contains an informative functional role model and normative technical requirements for oneM2M.},
institution = {World Wide Web Consortium (W3C)},
keywords = {W3C},
title = {{Requirements}},
type = {oneM2M technical specification},
url = {http://www.onem2m.org/images/files/deliverables/TS-0002-Requirements-V1_0_1.pdf},
year = {2015}
}
@techreport{Heflin2004,
abstract = {This document specifies usage scenarios, goals and requirements for a web ontology language. An ontology formally defines a common set of terms that are used to describe and represent a domain. Ontologies can be used by automated tools to power advanced services such as more accurate web search, intelligent software agents and knowledge management.},
annote = {http://www.w3.org/TR/2004/REC-webont-req-20040210/},
author = {Heflin, Jeff},
institution = {World Wide Web Consortium (W3C)},
keywords = {W3C},
title = {{OWL Web Ontology Language - Use Cases and Requirements}},
type = {W3C Recommendation},
url = {http://www.w3.org/TR/2004/REC-webont-req-20040210/},
year = {2004}
}

@techreport{211,
abstract = {Collect and study the state-of-the-art technologies that may be leveraged by oneM2M to enable its abstraction & semantics capability.},
institution = {oneM2M},
keywords = {oneM2M},
title = {{OWL Web Ontology Language - Use Cases and Requirements}},
type = {ONEM2M TECHNICAL REPORT},
url = {http://www.onem2m.org/images/files/deliverables/Release2/TR-0007-Study_on_Abstraction_and_Semantics_Enablement-V2_11_1.pdf},
year = {2016}
}
@techreport{ontology,
abstract = {The extension of the oneM2M standard to support semantic data interoperability based on IoT-O is discussed. },
author = {Mahdi Ben Alaya, Samir Medjiah, Thierry Monteil},
title = {{Toward semantic interoperability in oneM2M architecture}},
type = {IEEExplore },
url = {http://ieeexplore.ieee.org/document/7355582/?part=1},
year = {2015}
}

@techreport{presentationIPE,
annote = {Korea Electronics Technology Institute (KETI)},
author = {WG2},
keywords = {OneM2M},
title = {{Experience and Discussion on Interworking Proxy Implementation}},
type = {Presentation},
year = {2015}
}

@techreport{mo,
author = {Danny Poo},
keywords = {modularity},
title = {{Service Layer Core Protocol Specification}},
type = {Seven Strategies for Successful Software Engineering: Part 2},
url = {http://www.brighthub.com/computing/windows-platform/articles/10177.aspx},
date = {30.01.2017}
}

@techreport{device,
abstract = {The W3C Semantic Sensor Network Incubator group (the SSN-XG) produced an OWL 2 ontology to describe sensors and observations},
author = {Michael Compton},
keywords = {IEEExplore},
title = {{The SSN  ontology of the W3C semantic sensor network incubator group}},
type = {Presentation},
year = {2012}
}

@inproceedings{2,
abstract = {This paper addresses the Internet of Things. Main enabling factor of this promising para-
digm is the integration of several technologies and communications solutions. Identifica-
tion and tracking technologies, wired and wireless sensor and actuator networks,
enhanced communication protocols (shared with the Next Generation Internet), and dis-
tributed intelligence for smart objects are just the most relevant.},
author = {Luigi Atzoria, Antonio Ierab, Giacomo Morabito},
keywords = {Internet of Things},
title = {{The Internet of Things: A survey}},
type = {survey},
year = {2010}
}

@techreport{fiesta,
abstract = {After a thorough analysis of existing Internet of
Things (IoT) related ontologies, in this paper we propose a solution that aims to achieve semantic interoperability among heterogeneous testbed},
author = {Rachit Agarwal, David Gomez Fernandez, Tarek Elsaleh, Amelie Gyrard,
Jorge Lanza, Luis Sanchez, Nikolaos Georgantas, Valerie Issarny},
title = {{Unified IoT Ontology to Enable Interoperability and Federation of Testbeds}},
url = {https://hal.inria.fr/hal-01386917/document},
year = {2016}
}

@techreport{fiestaiot,
abstract = {After a thorough analysis of existing Internet of Things (IoT) related ontologies, we propose FIESTA-IoT Ontology that aims to achieve semantic interoperability among heterogeneous testbeds.},
author = {Amelie Gyrard, NUIG, Galway, David Gomez, UC, Santander,Jorge Lanza, UC, Santander,Luis Sanchez, UC, Santander,Rachit Agarwal, Inria, Paris,Tarek Elsaleh, UNIS, Surrey},
institution = {Fiesta-IoT},
title = {{FIESTA-IoT Ontology}},
url = {http://ontology.fiesta-iot.eu/ontologyDocs/fiesta-iot},
year = {2016}
}

@techreport{RDFlib,
abstract = {Technical documentation of the RDFLib},
author = {RDFLib Team.},
title = {{rdflib 4.2.2-dev documentation}},
url = {http://rdflib.readthedocs.io/en/stable/merging.htm},
year = {2013}
}
@techreport{w3c,
abstract = {This document defines an XML syntax for RDF called RDF/XML in terms of Namespaces in XML, the XML Information Set and XML Base. },
annote = {http://www.w3.org/TR/2004/REC-webont-req-20040210/},
author = {Fabien Gandon, Guus Schreiber },
institution = {World Wide Web Consortium (W3C)},
keywords = {W3C},
title = {{RDF 1.1 XML Syntax}},
type = {W3C Recommendation },
url = {https://www.w3.org/TR/rdf-syntax-grammar/},
year = {2014}
}
@techreport{w3crdf,
abstract = {This document defines an XML syntax for RDF called RDF/XML in terms of Namespaces in XML, the XML Information Set and XML Base. },
annote = {http://www.w3.org/TR/2004/REC-webont-req-20040210/},
author = {Fabien Gandon, Guus Schreiber },
institution = {World Wide Web Consortium (W3C)},
keywords = {W3C},
title = {{RDF 1.1 XML Syntax}},
type = {W3C Recommendation },
url = {https://www.w3.org/TR/rdf-syntax-grammar/},
year = {2014}
}
@techreport{bnode,
abstract = {This document defines an XML syntax for RDF called RDF/XML in terms of Namespaces in XML, the XML Information Set and XML Base. },
annote = {http://www.w3.org/TR/2004/REC-webont-req-20040210/},
author = {Richard Cyganiak, David Wood, Markus Lanthaler},
institution = {World Wide Web Consortium (W3C)},
keywords = {W3C},
title = {{RDF 1.1 Concepts and Abstract Syntax}},
type = {W3C Recommendation },
url = {https://www.w3.org/TR/rdf11-concepts/},
year = {2014}
}
@techreport{gazi,
abstract = {Recommendation ITU-T Y.2060 provides an overview of the Internet of things (IoT). It clarifies the concept and scope of the IoT, identifies the fundamental characteristics and high-level requirements of the IoT and describes the IoT reference model.},
author = {ITU-T},
keywords = {IoT},
title = {{Overview of the Internet of things}},
type = {Recommendation ITU-T Y.2060},
year = {2012}
}
@techreport{hindi,
abstract = {The phrase Internet of Things (IoT) heralds a vision of the future Internet where connecting physical things, from banknotes to bicycles, through a network will let them take an active part in the Internet, exchanging information about themselves and their surroundings.},
author = {Debasis Bandyopadhyay, Jaydip Sen},
keywords = {IoT},
title = {{Internet of Things: Applications and Challenges in Technology and Standardization}},
type = {Springer},
year = {2011}
}
@techreport{hi,
author = {Keith D. Foote },
keywords = {semantic},
title = {{A Brief History of Semantics}},
url = {http://www.dataversity.net/brief-history-semantics/},
urldate = {08.02.2017},
year = {2016}
}
@techreport{rb,
author = {Tim Berners-Lee, James Hendler, Ora Lassila },
keywords = {semantic},
title = {{The Semantic Web}},
year = {2001}
}
@techreport{semanticiot,
abstract = {How the Next Evolution of the Internet Is Changing Everything},
author = {Dave Evans},
keywords = {IoT},
title = {{The Internet of Things How the Next Evolution of the Internet Is Changing Everything}},
type = {White Paper},
year = {2011}
}

@techreport{vision2,
abstract = {How the Next Evolution of the Internet Is Changing Everything},
author = {Dhananjay Singh},
keywords = {IoT},
title = {{A Survey of Internet-of-Things: Future Vision,Architecture, Challenges and Services}},
type = {A Survey},
url = {https://www.researchgate.net/publication/261134524_A_Survey_of_Internet-of-Things_Future_Vision_Architecture_Challenges_and_Services},
year = {2014}
}
@inproceedings{bookiot,
author = {Andrew Guthrie Ferguson},
booktitle = {{The Internet of Things and the Fourth Amendment Of Effects }},
doi = {http://dx.doi.org/10.15779/Z38JZ8G},
pages = {813--817},
publisher = {California Law Review},
year = {2016},
keywords = {IoT}
}
@techreport{archi,
abstract = {The Internet is continuously changing and evolving. The  main  communication  form  of  present  Internet  is  human-
human.  The  Internet  of  Things  (IoT)  can  be  considered  as  the future evaluation of the Internet that realizes machine-to-machine (M2M)  learning.},
author = {Rafiullah Khan, Sarmad Ullah Khan, Rifaqat Zaheer and Shahid Khan},
keywords = {IoT},
title = {{Future Internet: The Internet of Things Architecture, Possible Applications and Key Challenges}},
type = {IEEE},
url = {http://ieeexplore.ieee.org/stamp/stamp.jsp?arnumber=6424332},
year = {2012}
}
@techreport{res1,
author = {Lu Tan, Neng Wang},
keywords = {IoT},
title = {{Future Internet: The Internet of Things}},
type = {IEEE},
url = {http://ieeexplore.ieee.org/document/5579543/},
year = {2010}
}
@techreport{res2,
abstract = {The Internet of Things is a technological revolution that represents the future of computing and communications. It is not the simple extension of the Internet or the Telecommunications Network.},
author = {Miao Wu, TingJie Lu, FeiYang Ling},
keywords = {IoT},
title = {{Research on the architecture of Internet of Things}},
type = {IEEE},
url = {http://ieeexplore.ieee.org/document/5579493/authors},
year = {2010}
}
@techreport{fromhindi,
annote = {Korea Electronics Technology Institute (KETI)},
author = {Gérald Santucci},
keywords = {IoT},
title = {{Internet of the future and Internet of things: What is at stake and how are we getting prepared for them?}},
year = {2009}
}
@inproceedings{booksd,
author = {Ovidiu Vermesan, Peter Friess},
booktitle = {{Internet of Things: Converging Technologies for Smart Environments and Integrated Ecosystems}},
pages = {101--110},
publisher = {River Publishers},
year = {2013},
keywords = {IoT}
}
@techreport{ua,
author = {Karl-Heinz Deiretsbacher,Wolfgang Mahnke,asperneite,Alexandre Felt,Silvio Merz, Zweckverband Wasser,Eike Grünhagen,Roland Essmann,Clemens Vasters, Anerose Braune,
Abwasser Vogtland},
keywords = {OPC-UA},
title = {{Interoperabilität für Industrie 4.0 und das Internet der Dinge}},
year = {2016}
}
@techreport{ua2,
author = {Stefan-Helmut Leitner, Wolfgang Mahnke },
keywords = {OPC-UA},
title = {{OPC UA – Service-oriented Architecture for Industrial Applications}},
type = {ABB Corporate Research Center },
url = {http://pi.informatik.uni-siegen.de/gi/stt/26_4/01_Fachgruppenberichte/ORA2006/07_leitner-final.pdf}
}

@inproceedings{bookua,
author = {Wolfgang Mahnke, Stefan-Helmut Leitner, Matthias Damm},
doi = {10.1007/978-3-540-68899-0},
booktitle = {{OPC Unified Architecture }},
publisher = {Springer-Verlag Berlin Heidelberg},
year = {2009},
keywords = {OPCUA}
}

@techreport{dds,
author = {OMG },
keywords = {DDS},
title = {{Data Distribution Service (DDS) Version 1.4}},
type = {specification },
url = {http://www.omg.org/spec/DDS/1.4},
year = {2015}
}
@techreport{dds2,
author = {Akram Hakiri,Pascal Berthou,Aniruddha Gokhale },
keywords = {DDS},
title = {{Publish/subscribe-enabled software defined networking for efficient and scalable IoT communications}},
type = {IEEE },
url = {http://ieeexplore.ieee.org/document/7263372},
year = {2015}
}
@techreport{dds3,
author = {G. Pardo-Castellote},
keywords = {DDS},
title = {{OMG Data-Distribution Service: architectural overview}},
type = {IEEE },
url = {http://ieeexplore.ieee.org/document/1203555},
year = {2003}
}
@techreport{layer,
abstract = {This is survey of semantic web primary infrastructure},
author = {Muhammad Alsharif},
keywords = {IEEExplore},
title = {{Semantic Web Core Technologies}},
type = {survey},
url = {http://www.cs.wustl.edu/~jain/cse570-13/ftp/semantic.pdf},
year = {2013}
}
@techreport{thesis,
author = {Marek Obitko},
keywords = {Ontology},
title = {{Translations between Ontologies in Multi-Agent Systems}},
type = {Dissertation Thesis},
year = {2007}
}
@techreport{rdfs,
author = {Fabio Grandi},
keywords = {RDFS},
title = {{Light-weight Ontology Versioning with Multi-temporal RDF Schema}},
year = {2011}
}
@techreport{owl,
abstract = {the various language elements of OWL in detail},
author = {Grigoris Antoniou, Frank van Harmelen},
keywords = {owl},
title = {{Web Ontology Language: OWL}},
year = {2011}
}
@online{owlpic,
abstract = {the various language elements of OWL in detail},
author = {Giovanni Pirrotta},
keywords = {owl},
title = {{Semantic Web Ingredients: The Web Ontology Language}},
year = {2014},
urldate = {2017-02-08},
}

@online{dl,
abstract = {the various language elements of OWL in detail},
keywords = {DL},
title = {{Description logic}},
type = {wikipedia},
year = {2017},
urldate = {2017-02-08},
}

@techreport{stacksemantic1,
annote = {Korea Electronics Technology Institute (KETI)},
author = {Ioan Szilagyi, Patrice Wira},
keywords = {Semantic Web},
title = {{Ontologies and Semantic Web for the Internet of Things – A Survey}},
type = {IEEE},
year = {2016}
}

@techreport{stacksemantic2,
annote = {Korea Electronics Technology Institute (KETI)},
author = {PAYAM BARNAGHI, WEI WANG, CORY HENSON, KERRY TAYLOR},
keywords = {Semantic Web},
title = {{Semantics for the Internet of Things: early progress and back to the future  }},
type = {IEEE},
year = {2012}
}
@online{openmtc,
keywords = {openMTC},
title = {{openMTC platform}},
url = {http://www.openmtc.org/},
urldate = {2017-02-10}
}
@techreport{openmtc1,
annote = {Korea Electronics Technology Institute (KETI)},
author = {Andreea Ancuta Corici, Asma Elmangoush, Thomas Magedanz, Ronald Steinke},
keywords = {OpenMTC},
title = {{An OpenMTC platform-based interconnected European – South African M2M Testbed for Smart City Services }},
year = {2014}
}
@techreport{asma,
author = {Asma Abdalla Elmangoush},
type = {Dissertation},
title = {{Application-derived Communication Protocol Selection in M2M Platforms for Smart Cities }},
year = {2016}
}
@online{openiotfog,
keywords = {openMTC},
title = {{openIoTFog framework}},
url = {http://openiotfog.org/de/},
urldate = {2017-02-10}
}

@online{schema,
keywords = {schema},
title = {{schema.org}},
url = {http://schema.org/},
urldate = {2017-02-15}
}


@online{site,
keywords = {SWoT},
title = {{“SWoT: Semantic Web of Things}},
url = {http://sensormeasurement.appspot.com/?p=ontologies},
urldate = {2017-02-15}
}

@techreport{rfr,
author = {Maxim Kolchin, Alexey Andreyev, Daniil Garayzuev, Dmitry Mouromtsev},
title = {{Ontologies for Web of Things: A Pragmatic Review }},
year = {2015}
}
@techreport{ssn,
author = {Michael Compton, Payam Barnaghi, Luis Bermudez Raul Garcia-Castro, Oscar Corcho},
title = {{The SSN Ontology of the W3C Semantic SensorNetwork Incubator Group}},
year = {2012}
}

@techreport{fiesta1,
author = {Amelie Gyrard, Martin Serrano},
title = {{FIESTA-IoT: Federated Interoperable Semantic Internet of Things (IoT) Testbeds and Applications}},
year = {2016}
}

@online{baseontology,
keywords = {base ontology},
title = {{One M2M Base Ontology}},
url = {http://www.onem2m.org/technical/developers-corner/tools/onem2m-ontologies},
urldate = {2017-02-15}
}

@techreport{onem2marchi,
type = {OneM2M technical specification},
title = {{TS-0001 Functional Architecture }},
year = {2016}
}

@online{H,
author = {Rich Quinnell},
title = {{Vertical vs. horizontal: Which IoT model will thrive?}},
url = {http://www.embedded.com/electronics-blogs/other/4422131/Vertical-vs--horizontal--Which-IoT-model-will-thrive-},
urldate = {2017-02-15}
}
@techreport{onem2ms,
type = {OneM2M technical specification},
title = {{TR-0007-V 2.11.1-Study of Abstraction and Semantics Enablements }},
year = {2016}
}

@techreport{onem2mC,
author = {Hyuncheol Park, Hoichang Kim, Hotaek Joo, JaeSeung Song},
title = {{Recent advancements in the Internet-of-Things related standards: A oneM2M perspective}},
year = {2016}
}

